<?xml version="1.0" encoding="UTF-8"?><collection xmlns="http://www.loc.gov/MARC21/slim"><record><leader>00535nam--2200181-u-4500</leader><controlfield tag="001">000052785</controlfield><controlfield tag="002">20161230</controlfield><controlfield tag="005">20161230201050</controlfield><controlfield tag="008">101014s1000------------r-----000-0-rus-d</controlfield><datafield ind1=" " ind2=" " tag="040"><subfield code="a">IFIN-HH</subfield></datafield><datafield ind1=" " ind2=" " tag="041"><subfield code="a">rus</subfield></datafield><datafield ind1=" " ind2=" " tag="080"><subfield code="a">535.81</subfield></datafield><datafield ind1="1" ind2=" " tag="100"><subfield code="a">Tudorovski,A.I</subfield></datafield><datafield ind1="1" ind2="0" tag="245"><subfield code="a">Teoria opticeskih priborov</subfield><subfield code="b">Vol. II. Ceasti prikladnaia opticeskie sistemi. Vtoroe izdanie pererabotannoe i dopolnennoe</subfield><subfield code="c">A.I. Tudorovski</subfield></datafield><datafield ind1=" " ind2=" " tag="260"><subfield code="a">Moskva</subfield><subfield code="b">Akademii Nauk SSSR</subfield><subfield code="c">1952</subfield></datafield><datafield ind1=" " ind2=" " tag="300"><subfield code="a">567 p</subfield></datafield><datafield ind1=" " ind2=" " tag="852"><subfield code="a">2998</subfield><subfield code="c">535</subfield></datafield><datafield ind1=" " ind2=" " tag="CAT"><subfield code="a">Sys</subfield><subfield code="c">20101014</subfield><subfield code="h">151803</subfield></datafield></record></collection>